<?xml version="1.0" encoding="UTF-8"?><record xmlns="http://www.loc.gov/MARC21/slim" xmlns:cinclude="http://apache.org/cocoon/include/1.0" xmlns:zs="http://www.loc.gov/zing/srw/">
  <leader>00538cz  a2200157n  4500</leader>
  <controlfield tag="001">n 2011057583</controlfield>
  <controlfield tag="003">DLC</controlfield>
  <controlfield tag="005">20110824074951.0</controlfield>
  <controlfield tag="008">110823n| acannaabn          |a aaa      </controlfield>
  <datafield tag="010" ind1=" " ind2=" ">
    <subfield code="a">n 2011057583</subfield>
  </datafield>
  <datafield tag="040" ind1=" " ind2=" ">
    <subfield code="a">DLC</subfield>
    <subfield code="b">eng</subfield>
    <subfield code="c">DLC</subfield>
  </datafield>
  <datafield tag="100" ind1="1" ind2=" ">
    <subfield code="a">Barth, Karl,</subfield>
    <subfield code="d">1886-1968.</subfield>
    <subfield code="t">Wort Gottes und die Theologie.</subfield>
    <subfield code="l">English</subfield>
  </datafield>
  <datafield tag="400" ind1="1" ind2=" ">
    <subfield code="a">Barth, Karl,</subfield>
    <subfield code="d">1886-1968.</subfield>
    <subfield code="t">Word of God and theology</subfield>
  </datafield>
  <datafield tag="400" ind1="1" ind2=" ">
    <subfield code="a">Barth, Karl,</subfield>
    <subfield code="d">1886-1968.</subfield>
    <subfield code="t">Word of God and the word of man</subfield>
  </datafield>
  <datafield tag="670" ind1=" " ind2=" ">
    <subfield code="a">The word of God and theology, c2011</subfield>
  </datafield>
  <datafield tag="670" ind1=" " ind2=" ">
    <subfield code="a">Word of God and the word of man, c1928</subfield>
  </datafield>
</record>